@misc{CodigoBase,
    title={CodigoBase},
    author={Elisa Schaeffer},
    year={2021},
    url={https://github.com/satuelisa/Simulation/blob/master/VoronoiDiagrams/fracture.R}
    }
@misc{SeleccionPruebas,
    title={Selecci\'on de pruebas de estad\'isticas},
    author={E. Flores Ruiz},
    year={2017},
    url={http://www.scielo.org.mx/pdf/ram/v64n3/2448-9190-ram-64-03-0364.pdf}
    }
@misc{PruebasNormalidad,
    title={Pruebas de Normalidad},
    author={Dami\'an Villase√±or},
    year={2020},
    url={https://www.youtube.com/watch?v=Nap7E1VLvSk}
    }
    
@misc{InterpretacionKruskalWallis,
    title={Interpretacion Kruskal Wallis},
    author={Minitab},
    year={2019},
    url={https://support.minitab.com/es-mx/minitab/18/help-and-how-to/statistics/nonparametrics/how-to/kruskal-wallis-test/interpret-the-results/key-results/}
    }