@misc{Cbase,
    title={Codigo Clase},
    author={Elisa Schaeffer},
    year={2021},
    url={https://github.com/satuelisa/Simulation/blob/master/MultiAgent/SIR.R}
    }
@misc{Kruskal,
    title={Codigo prueba estadistica},
    author={Jose Antonio},
    year={2020},
    url={https://www.youtube.com/watch?v=WEjudFpbCcE&list=PLVcE9e4AaRiXSnHyCPUONsGcpakAx5f25&index=5&t=617s}
    }