@misc{Violin,
    title={Codigo Clase},
    author={Elisa Schaeffer},
    year={2021},
    url={https://github.com/satuelisa/Simulation/blob/master/ParetoFronts/violin.R}
    }
@misc{Parfronts,
    title={Codigo Frentes de Pareto},
    author={Elisa Schaeffer},
    year={2021},
    url={https://github.com/satuelisa/Simulation/blob/master/ParetoFronts/front.R}
    }
@misc{ggplotaest,
    title={Estetica ggplot2},
    author={Elisa Schaeffer},
    year={2021},
    url={http://www.sthda.com/english/wiki/ggplot2-themes-and-background-colors-the-3-elements}
    }
@misc{reto1,
    title={Video Reto 1},
    author={Elisa Schaeffer},
    year={2021},
    url={https://youtu.be/Blek9NZsbU4}
    }
@misc{repofabiola,
    title={Repositorio Fabiola},
    author={Elisa Schaeffer},
    year={2020},
    url={https://github.com/fvzqa/Simulacion/tree/master/Tarea11}
    }
@misc{teoria,
    title={Teor\'ia K-means},
    author={Elisa Schaeffer},
    year={2020},
    url={https://statsandr.com/blog/clustering-analysis-k-means-and-hierarchical-clustering-by-hand-and-in-r/}
    }