 @article{ejemplo,
  author = {Javier Mart\'inez},
  title = {Introducci\'on a la visualizaci\'on de datos en R con ggplot2},
  journal = {NA},
  year = 2016,
  volume = 0,
  number = 0,
  pages = {0},
  doi = {0.0/.}
}

 @article{fct,
  author = {Mart\'in Paladino},
  title = {Gr\'aficos en R con ggplot2},
  journal = {NA},
  year = 2020,
  volume = 0,
  number = 0,
  pages = {0},
  doi = {0.0/.}
}

 @article{geom,
  author = {Unkwnown},
  title = {Boxplot en ggplot2 a partir de un vector},
  journal = {RCoder},
  year = 2020,
  volume = 0,
  number = 0,
  pages = {0},
  doi = {0.0/.}
}

 @article{superponer,
  author = {Rafael Gonz\'alez},
  title = {C\'omo superponer varias gr\'aficas en ggplot con R y RStudio},
  journal = {RGG},
  year = 2020,
  volume = 0,
  number = 0,
  pages = {0},
  doi = {0.0/.}
}

 @article{DraElisa,
  author = {Dra Elisa Schaeffer},
  title = {Repositorio Github, Simulation, Brownian Motion},
  journal = {GitHub},
  year = 2020,
  volume = 0,
  number = 0,
  pages = {0},
  doi = {0.0/.}
}

@misc{ggplot,
author = {4fit},
title = {{Como hacer histogramas y boxplots en R con ggplot}},
howpublished = "\url{https://www.youtube.com/watch?v=6vKYZsKpeWg/}",
year = {2020},
note = "[Online; accessed 27-August-2020]"
}

@misc{excel,
author = {Alium calidad y productividad},
title = {{Gráfica de Caja en Microsoft Excel}},
howpublished = "\url{https://www.youtube.com/watch?v=F-zOCZho4RI/}",
year = {2017},
note = "[Online; accessed 27-August-2020]"
}

@misc{rggvideo,
author = {Rafael Gonz\'alez},
title = {{Cómo SUPERPONER varías GRÁFICAS [ ggplot + R y RStudio }},
howpublished = "\url{https://www.youtube.com/watch?v=259PhB2pnzo/}",
year = {2019},
note = "[Online; accessed 29-August-2020]"
}

@misc{primerintento,
author = {Equitable Equations},
title = {{Boxplots in R}},
howpublished = "\url{https://www.youtube.com/watch?v=ETbFdSvPwUw&t=287s/}",
year = {2020},
note = "[Online; accessed 28-August-2020]"
}