@misc{CBase,
    title={Codigo Base},
    author={Elisa Schaeffer},
    year={2021},
    url={https://github.com/satuelisa/Simulation/blob/master/NeuralNetwork/ann.R}
    }
@misc{FScore1,
    title={How to Calculate Precision, Recall, and F-Measure for Imbalanced Classification},
    author={Jason Brownlee},
    year={2020},
    url={https://machinelearningmastery.com/precision-recall-and-f-measure-for-imbalanced-classification/}
}
@misc{FScore2,
    title={Computing Classification Evaluation Metrics in R.},
    author={Said Bleik},
    year={2016},
    url={https://blog.revolutionanalytics.com/2016/03/com_class_eval_metrics_r.html}
}
@misc{ASCII,
    title={El codigo ASCII.},
    author={El codigo ASCII},
    year={2020},
    url={https://elcodigoascii.com.ar/}
}
@misc{mitxt,
    title={archivo txt.},
    author={Claudia Hern\'andez},
    year={2021},
    url={https://github.com/claudiahr/Simulacion-AD2021/tree/main/HW12}
}