@misc{RepoDraElisa,
    title={Repositorio Elisa Schaeffer},
    url={https://github.com/satuelisa/Simulation/blob/master/CellularAutomata/gameOfLife.R}
    }
@misc{Denisse251,
    title={Uso de listings},
    url={https://github.com/Denisse251/Simulation/blob/main/Tarea.2/main.tex}
}
@misc{ManualListings,
    title={Manual Listings},
    url={https://es.wikibooks.org/wiki/Manual_de_LaTeX/Listados_de_c%C3%B3digo/Listados_con_listings}
}
@misc{TablasOverleaf,
    title={Tablas Overleaf},
    url={https://www.youtube.com/watch?v=9cXHpub1Ac0}
}