@misc{PruebasNormalidad,
    title={Pruebas de Normalidad},
    author={Dami\'an Villase√±or},
    year={2020},
    url={https://www.youtube.com/watch?v=Nap7E1VLvSk}
    }
@misc{SeleccionPruebas,
    title={Selecci\'on de pruebas de estad\'isticas},
    author={E. Flores Ruiz},
    year={2017},
    url={http://www.scielo.org.mx/pdf/ram/v64n3/2448-9190-ram-64-03-0364.pdf}
    }
@misc{RepoDraElisa,
    title={Repositorio Elisa Schaeffer},
    author={Elisa Schaeffer},
    year={2021},
    url={https://github.com/satuelisa/Simulation}
    }
@misc{ListingsWidth,
    title={Controlthewidth},
    url={https://bookdown.org/yihui/rmarkdown-cookbook/text-width.html}
    }
@misc{Listingscolor,
    title={Listings Colors},
    url={https://en.wikibooks.org/wiki/LaTeX/Source_Code_Listings}
    }
@misc{CalculatorColor,
    title={Colores},
    url={https://doc.instantreality.org/tools/color_calculator/}
    }