 @article{ejemplo,
  author = {Cesar Mil\'an},
  title = {Los perros mas bonitos del mundo},
  journal = {Dogs},
  year = 2020,
  volume = 111,
  number = 8,
  pages = {5-8},
  doi = {10.123/lolno}
}