@misc{Cbase,
    title={Codigo Clase},
    author={Elisa Schaeffer},
    year={2021},
    url={https://github.com/satuelisa/Simulation/blob/master/GeneticAlgorithm/perfGA.R}
    }