@misc{CBase,
    title={Codigo Base},
    author={Elisa Schaeffer},
    year={2021},
    url={https://github.com/satuelisa/Simulation/blob/master/LocalSearch/replicas.R}
    }
@misc{Cimagenes,
    title={Codigo Im\'agenes},
    author={Elisa Schaeffer},
    year={2021},
    url={https://github.com/satuelisa/Simulation/blob/master/LocalSearch/minimize1D.R}
    }
@misc{Ccompleto,
    title={Codigo Completo},
    author={Claudia Hern\'andez},
    year={2021},
    url={https://github.com/claudiahr/Simulacion-AD2021/tree/main/HW7}
    }
@misc{Gif,
    title={Gif},
    author={Claudia Hern\'andez},
    year={2021},
    url={https://github.com/claudiahr/Simulacion-AD2021/tree/main/HW7/gif}
    }