@misc{Cbase,
    title={Codigo Clase},
    author={Elisa Schaeffer},
    year={2021},
    url={https://elisa.dyndns-web.com/teaching/comp/par/p9.html}
    }
@misc{ecuaciones,
    title={Escribir ecuaciones},
    author={Manual de \LaTeX{}},
    year={2021},
    url={https://manualdelatex.com/tutoriales/ecuaciones}
    }