@misc{Cbase,
    title={Codigo Clase},
    author={Elisa Schaeffer},
    year={2021},
    url={https://github.com/satuelisa/Simulation/blob/master/MonteCarlo/integral.R}
    }
@misc{SeleccionPruebas,
    title={Selecci\'on de pruebas de estad\'isticas},
    author={E. Flores Ruiz},
    year={2017},
    url={http://www.scielo.org.mx/pdf/ram/v64n3/2448-9190-ram-64-03-0364.pdf}
    }