@ARTICLE{R1,
  author  = {H. A. Barnes},
  title   = {A Handbook of Elementary Rheology},
  journal = {Institute of Non-Newtonian Fluid Mechanics, University of Wales}, 
  year    = {2000}
}
@ARTICLE{R2,
  author  = {J. W. Goodwin and R. W. Hughes},
  title   = {Rheology for Chemists - An Introduction},
  journal = {Royal Society of Chemistry.}, 
  year    = {2000}
}
@ARTICLE{R3,
  author  = {C. W. Macosko},
  title   = {Rheology: Principles, Measurements and Applications},
  journal = {Wiley-VCH.}, 
  year    = {1994}
}
@ARTICLE{R4,
  author  = {A.Y. Malkin},
  title   = {The state of the art in the rheology of polymers: Achievements and challenges},
  journal = {Polymer Science Series A.}, 
  volume  = {51},
  year    = {2009},
  pages   = {80-102}
}
@ARTICLE{R5,
  author  = {I. Teraoka},
  title   = {Polymer solutions - An Introduction to Physical Properties},
  journal = {Wiley-Interscience.}, 
  year    = {2002}
}
@ARTICLE{R6,
  author  = {R. Bird and C. Curtiss and R. Armstrong and O. Hassager},
  title   = {Dynamics of Polymeric Liquids},
  journal = {Wiley.}, 
  volume  = {2},
  year    = {1987}
}
@ARTICLE{R7,
  author  = {R.G. Larson},
  title   = {The rheology of dilute solutions of flexible polymers: Progress and problems},
  journal = {Journal of Rheology.}, 
  volume  = {49},
  year    = {2005},
  pages   = {1-70}
}
@ARTICLE{R8,
  author  = {D. G\'omez D\'iaz and J.M. Navaza},
  title   = {Rheology of aqueous solutions of food additives: Effect of concentration, temperature and blending},
  journal = {Journal of Food Engineering.}, 
  volume  = {56},
  year    = {2003},
  pages   = {387-392}
}
@ARTICLE{R9,
  author  = {D.R. Picout and S.B. Ross-Murphy},
  title   = {Rheology of Biopolymer Solutions and Gels},
  journal = {Scientific World Journal}, 
  volume  = {3},
  year    = {2003},
  pages   = {105-121}
}
@ARTICLE{R10,
  author  = {M. Aredes Martins and E. E. Garcia Rojas and J. Telis Romero and E. B. De Oliveira},
  title   = {Rheological Behavior of Binary Aqueous Solutions of Poly(ethylene glycol) of $1500 g\cdot mol-1$ as Affected by Temperature and Polymer Concentration},
  journal = {Journal of Chemical and Engineering Data}, 
  volume  = {58},
  year    = {2013},
  pages   = {838-844}
}
@ARTICLE{R11,
  author  = {Q. Garrett and P. A. Simmons and S. Xu and J. Vehige and Z. Zhao and K. Ehrmann and M. Willcox},
  title   = {Carboxymethylcellulose Binds to Human Corneal Epithelial Cells and Is a Modulator of Corneal Epithelial Wound Healing},
  journal = {Investigative Ophthalmology and Visual Science}, 
  volume  = {48},
  year    = {2007},
  pages   = {1559-1567}
}
@ARTICLE{R12,
  author  = {A. Kulikowska and I. Wasiak and T. Ciach.},
  title   = {Carboxymethyl cellulose oxidation to form aldehyde groups},
  journal = {Challenges of Modern Technology}, 
  volume  = {4},
  year    = {2013},
  pages   = {11-18}
}
@ARTICLE{R13,
  author  = {B. Al-Shammari and T. Al-Fariss and F. Al-Sewailm and R. Elleithy},
  title   = {The effect of polymer concentration and temperature on the rheological behavior of metallocene linear low density polyethylene (mLLDPE) solutions},
  journal = {Journal of King Saud University - Engineering Sciences}, 
  volume  = {23},
  year    = {2011},
  pages   = {9-14}
}
@ARTICLE{R14,
  author  = {A. Benslimane and I. Mohamed and B.K. Bekkour and D. Hammiche},
  title   = {Thermal gelation properties of carboxymethyl cellulose and bentonite-carboxymethyl cellulose dispersion: Rheological considerations},
  journal = {Applied Clay Science}, 
  year    = {2016},
  pages   = {132-133 and 702-710}
}
@misc{R15,
    title={Repositorio Claudia Hern\'andez},
    author={Claudia Hern\'andez},
    year={2021},
    url ={https://github.com/claudiahr/Simulacion-AD2021/tree/main/Proyecto}
}
@ARTICLE{R16,
  author  = {Claudia L. Hern\'andez Ram\'irez and Jes\'us G. Puente C\'ordova and Flor Y. Renter\'ia Balti\'errez and Edgar Reyes Melo},
  title   = {Estudio reol\'ogico de soluciones polim\'ericas de carboximetil celulosa.},
  journal = {Pendiente de publicar.}, 
  year    = {2019}
}
